%YAML 1.1
%TAG !u! tag:unity3d.com,2011:
--- !u!1 &8961586562349295088
GameObject:
  m_ObjectHideFlags: 0
  m_CorrespondingSourceObject: {fileID: 0}
  m_PrefabInstance: {fileID: 0}
  m_PrefabAsset: {fileID: 0}
  serializedVersion: 6
  m_Component:
  - component: {fileID: 8961586562349295092}
  - component: {fileID: 8961586562349295091}
  - component: {fileID: 4082166631064865348}
  m_Layer: 0
  m_Name: CellSlideLeft
  m_TagString: Untagged
  m_Icon: {fileID: 0}
  m_NavMeshLayer: 0
  m_StaticEditorFlags: 0
  m_IsActive: 1
--- !u!4 &8961586562349295092
Transform:
  m_ObjectHideFlags: 0
  m_CorrespondingSourceObject: {fileID: 0}
  m_PrefabInstance: {fileID: 0}
  m_PrefabAsset: {fileID: 0}
  m_GameObject: {fileID: 8961586562349295088}
  m_LocalRotation: {x: 0, y: 0, z: 0, w: 1}
  m_LocalPosition: {x: 0, y: 0, z: 0}
  m_LocalScale: {x: 1, y: 1, z: 1}
  m_Children:
  - {fileID: 4092288912512910672}
  m_Father: {fileID: 0}
  m_RootOrder: 0
  m_LocalEulerAnglesHint: {x: 0, y: 0, z: 0}
--- !u!65 &8961586562349295091
BoxCollider:
  m_ObjectHideFlags: 0
  m_CorrespondingSourceObject: {fileID: 0}
  m_PrefabInstance: {fileID: 0}
  m_PrefabAsset: {fileID: 0}
  m_GameObject: {fileID: 8961586562349295088}
  m_Material: {fileID: 0}
  m_IsTrigger: 0
  m_Enabled: 1
  serializedVersion: 2
  m_Size: {x: 1, y: 1, z: 1}
  m_Center: {x: 0, y: 0, z: 0}
--- !u!114 &4082166631064865348
MonoBehaviour:
  m_ObjectHideFlags: 0
  m_CorrespondingSourceObject: {fileID: 0}
  m_PrefabInstance: {fileID: 0}
  m_PrefabAsset: {fileID: 0}
  m_GameObject: {fileID: 8961586562349295088}
  m_Enabled: 1
  m_EditorHideFlags: 0
  m_Script: {fileID: 11500000, guid: 90ed70edf8c08dc4b9722c8dfb627625, type: 3}
  m_Name: 
  m_EditorClassIdentifier: 
  modelTransform: {fileID: 4092288912512910672}
--- !u!1001 &4557645472795681467
PrefabInstance:
  m_ObjectHideFlags: 0
  serializedVersion: 2
  m_Modification:
    m_TransformParent: {fileID: 8961586562349295092}
    m_Modifications:
    - target: {fileID: -8679921383154817045, guid: 6dc387efaf3914d4f902c345f4231d85,
        type: 3}
      propertyPath: m_RootOrder
      value: 0
      objectReference: {fileID: 0}
    - target: {fileID: -8679921383154817045, guid: 6dc387efaf3914d4f902c345f4231d85,
        type: 3}
      propertyPath: m_LocalPosition.x
      value: -0
      objectReference: {fileID: 0}
    - target: {fileID: -8679921383154817045, guid: 6dc387efaf3914d4f902c345f4231d85,
        type: 3}
      propertyPath: m_LocalPosition.y
      value: 0.5
      objectReference: {fileID: 0}
    - target: {fileID: -8679921383154817045, guid: 6dc387efaf3914d4f902c345f4231d85,
        type: 3}
      propertyPath: m_LocalPosition.z
      value: 0
      objectReference: {fileID: 0}
    - target: {fileID: -8679921383154817045, guid: 6dc387efaf3914d4f902c345f4231d85,
        type: 3}
      propertyPath: m_LocalRotation.w
      value: 0.7071067
      objectReference: {fileID: 0}
    - target: {fileID: -8679921383154817045, guid: 6dc387efaf3914d4f902c345f4231d85,
        type: 3}
      propertyPath: m_LocalRotation.x
      value: -0.7071068
      objectReference: {fileID: 0}
    - target: {fileID: -8679921383154817045, guid: 6dc387efaf3914d4f902c345f4231d85,
        type: 3}
      propertyPath: m_LocalRotation.y
      value: 0
      objectReference: {fileID: 0}
    - target: {fileID: -8679921383154817045, guid: 6dc387efaf3914d4f902c345f4231d85,
        type: 3}
      propertyPath: m_LocalRotation.z
      value: -0
      objectReference: {fileID: 0}
    - target: {fileID: -8679921383154817045, guid: 6dc387efaf3914d4f902c345f4231d85,
        type: 3}
      propertyPath: m_LocalEulerAnglesHint.x
      value: 0
      objectReference: {fileID: 0}
    - target: {fileID: -8679921383154817045, guid: 6dc387efaf3914d4f902c345f4231d85,
        type: 3}
      propertyPath: m_LocalEulerAnglesHint.y
      value: 0
      objectReference: {fileID: 0}
    - target: {fileID: -8679921383154817045, guid: 6dc387efaf3914d4f902c345f4231d85,
        type: 3}
      propertyPath: m_LocalEulerAnglesHint.z
      value: 0
      objectReference: {fileID: 0}
    - target: {fileID: -7511558181221131132, guid: 6dc387efaf3914d4f902c345f4231d85,
        type: 3}
      propertyPath: m_Materials.Array.data[0]
      value: 
      objectReference: {fileID: 2100000, guid: 9d3de7e42aaa0734aaeac1c1f7cd5d87, type: 2}
    - target: {fileID: 919132149155446097, guid: 6dc387efaf3914d4f902c345f4231d85,
        type: 3}
      propertyPath: m_Name
      value: Pl_Stream_G
      objectReference: {fileID: 0}
    - target: {fileID: 7205140776170859923, guid: 6dc387efaf3914d4f902c345f4231d85,
        type: 3}
      propertyPath: m_DirtyAABB
      value: 0
      objectReference: {fileID: 0}
    - target: {fileID: 7205140776170859923, guid: 6dc387efaf3914d4f902c345f4231d85,
        type: 3}
      propertyPath: m_AABB.m_Center.y
      value: 0.0017760361
      objectReference: {fileID: 0}
    - target: {fileID: 7205140776170859923, guid: 6dc387efaf3914d4f902c345f4231d85,
        type: 3}
      propertyPath: m_AABB.m_Center.z
      value: -0.010120521
      objectReference: {fileID: 0}
    - target: {fileID: 7205140776170859923, guid: 6dc387efaf3914d4f902c345f4231d85,
        type: 3}
      propertyPath: m_AABB.m_Extent.x
      value: 0.0034447052
      objectReference: {fileID: 0}
    - target: {fileID: 7205140776170859923, guid: 6dc387efaf3914d4f902c345f4231d85,
        type: 3}
      propertyPath: m_AABB.m_Extent.y
      value: 0.0059833108
      objectReference: {fileID: 0}
    - target: {fileID: 7205140776170859923, guid: 6dc387efaf3914d4f902c345f4231d85,
        type: 3}
      propertyPath: m_AABB.m_Extent.z
      value: 0.009896089
      objectReference: {fileID: 0}
    - target: {fileID: 7205140776170859923, guid: 6dc387efaf3914d4f902c345f4231d85,
        type: 3}
      propertyPath: m_Materials.Array.data[0]
      value: 
      objectReference: {fileID: 2100000, guid: 9d3de7e42aaa0734aaeac1c1f7cd5d87, type: 2}
    m_RemovedComponents: []
  m_SourcePrefab: {fileID: 100100000, guid: 6dc387efaf3914d4f902c345f4231d85, type: 3}
--- !u!4 &4092288912512910672 stripped
Transform:
  m_CorrespondingSourceObject: {fileID: -8679921383154817045, guid: 6dc387efaf3914d4f902c345f4231d85,
    type: 3}
  m_PrefabInstance: {fileID: 4557645472795681467}
  m_PrefabAsset: {fileID: 0}
