%YAML 1.1
%TAG !u! tag:unity3d.com,2011:
--- !u!1 &4158292417070840135
GameObject:
  m_ObjectHideFlags: 0
  m_CorrespondingSourceObject: {fileID: 0}
  m_PrefabInstance: {fileID: 0}
  m_PrefabAsset: {fileID: 0}
  serializedVersion: 6
  m_Component:
  - component: {fileID: 899866191635363991}
  - component: {fileID: 4379849209428510223}
  - component: {fileID: 918056286991424951}
  m_Layer: 0
  m_Name: CellEmpty
  m_TagString: Untagged
  m_Icon: {fileID: 0}
  m_NavMeshLayer: 0
  m_StaticEditorFlags: 0
  m_IsActive: 1
--- !u!4 &899866191635363991
Transform:
  m_ObjectHideFlags: 0
  m_CorrespondingSourceObject: {fileID: 0}
  m_PrefabInstance: {fileID: 0}
  m_PrefabAsset: {fileID: 0}
  m_GameObject: {fileID: 4158292417070840135}
  m_LocalRotation: {x: 0, y: 0, z: 0, w: 1}
  m_LocalPosition: {x: 1.93, y: 0, z: 0}
  m_LocalScale: {x: 1, y: 1, z: 1}
  m_Children:
  - {fileID: 1834866815158686351}
  m_Father: {fileID: 0}
  m_RootOrder: 0
  m_LocalEulerAnglesHint: {x: 0, y: 0, z: 0}
--- !u!65 &4379849209428510223
BoxCollider:
  m_ObjectHideFlags: 0
  m_CorrespondingSourceObject: {fileID: 0}
  m_PrefabInstance: {fileID: 0}
  m_PrefabAsset: {fileID: 0}
  m_GameObject: {fileID: 4158292417070840135}
  m_Material: {fileID: 0}
  m_IsTrigger: 0
  m_Enabled: 1
  serializedVersion: 2
  m_Size: {x: 1, y: 1, z: 1}
  m_Center: {x: 0, y: 0, z: 0}
--- !u!114 &918056286991424951
MonoBehaviour:
  m_ObjectHideFlags: 0
  m_CorrespondingSourceObject: {fileID: 0}
  m_PrefabInstance: {fileID: 0}
  m_PrefabAsset: {fileID: 0}
  m_GameObject: {fileID: 4158292417070840135}
  m_Enabled: 1
  m_EditorHideFlags: 0
  m_Script: {fileID: 11500000, guid: 04d786f35085fc545bc0168c3a6b5d45, type: 3}
  m_Name: 
  m_EditorClassIdentifier: 
  modelTransform: {fileID: 1834866815158686351}
--- !u!1001 &2232792388287526244
PrefabInstance:
  m_ObjectHideFlags: 0
  serializedVersion: 2
  m_Modification:
    m_TransformParent: {fileID: 899866191635363991}
    m_Modifications:
    - target: {fileID: -8679921383154817045, guid: b41c044526377494cbfe503e6dc8a0d5,
        type: 3}
      propertyPath: m_RootOrder
      value: 0
      objectReference: {fileID: 0}
    - target: {fileID: -8679921383154817045, guid: b41c044526377494cbfe503e6dc8a0d5,
        type: 3}
      propertyPath: m_LocalPosition.x
      value: -0
      objectReference: {fileID: 0}
    - target: {fileID: -8679921383154817045, guid: b41c044526377494cbfe503e6dc8a0d5,
        type: 3}
      propertyPath: m_LocalPosition.y
      value: 0.5
      objectReference: {fileID: 0}
    - target: {fileID: -8679921383154817045, guid: b41c044526377494cbfe503e6dc8a0d5,
        type: 3}
      propertyPath: m_LocalPosition.z
      value: 0
      objectReference: {fileID: 0}
    - target: {fileID: -8679921383154817045, guid: b41c044526377494cbfe503e6dc8a0d5,
        type: 3}
      propertyPath: m_LocalRotation.w
      value: 0.7071067
      objectReference: {fileID: 0}
    - target: {fileID: -8679921383154817045, guid: b41c044526377494cbfe503e6dc8a0d5,
        type: 3}
      propertyPath: m_LocalRotation.x
      value: -0.7071068
      objectReference: {fileID: 0}
    - target: {fileID: -8679921383154817045, guid: b41c044526377494cbfe503e6dc8a0d5,
        type: 3}
      propertyPath: m_LocalRotation.y
      value: 0
      objectReference: {fileID: 0}
    - target: {fileID: -8679921383154817045, guid: b41c044526377494cbfe503e6dc8a0d5,
        type: 3}
      propertyPath: m_LocalRotation.z
      value: -0
      objectReference: {fileID: 0}
    - target: {fileID: -8679921383154817045, guid: b41c044526377494cbfe503e6dc8a0d5,
        type: 3}
      propertyPath: m_LocalEulerAnglesHint.x
      value: 0
      objectReference: {fileID: 0}
    - target: {fileID: -8679921383154817045, guid: b41c044526377494cbfe503e6dc8a0d5,
        type: 3}
      propertyPath: m_LocalEulerAnglesHint.y
      value: 0
      objectReference: {fileID: 0}
    - target: {fileID: -8679921383154817045, guid: b41c044526377494cbfe503e6dc8a0d5,
        type: 3}
      propertyPath: m_LocalEulerAnglesHint.z
      value: 0
      objectReference: {fileID: 0}
    - target: {fileID: -7511558181221131132, guid: b41c044526377494cbfe503e6dc8a0d5,
        type: 3}
      propertyPath: m_Materials.Array.data[0]
      value: 
      objectReference: {fileID: 2100000, guid: 9d3de7e42aaa0734aaeac1c1f7cd5d87, type: 2}
    - target: {fileID: 919132149155446097, guid: b41c044526377494cbfe503e6dc8a0d5,
        type: 3}
      propertyPath: m_Name
      value: Pl_Base_G
      objectReference: {fileID: 0}
    m_RemovedComponents: []
  m_SourcePrefab: {fileID: 100100000, guid: b41c044526377494cbfe503e6dc8a0d5, type: 3}
--- !u!4 &1834866815158686351 stripped
Transform:
  m_CorrespondingSourceObject: {fileID: -8679921383154817045, guid: b41c044526377494cbfe503e6dc8a0d5,
    type: 3}
  m_PrefabInstance: {fileID: 2232792388287526244}
  m_PrefabAsset: {fileID: 0}
